% @book{knuth2001art,
%     title={The Art of Computer Programming: Fundamental Algorithms},
%     author={Knuth, D.E.},
%     number={v. 1},
%     isbn={9780201896831},
%     series={The Art of Computer Programming: Fundamental Algorithms},
%     year={2001},
%     publisher={Addison-Wesley}
% }
% @inproceedings{4026885,
%     author={W. Vogels},
%     booktitle={2006 IEEE International Conference on Services Computing (SCC'06)},
%     title={Web Services at Amazon.com},
%     year={2006},
%     pages={xxii-xxii},
%     keywords={Distributed computing;Technological innovation;Web services},
%     doi={10.1109/SCC.2006.116},
%     month={Sept}
% }

@article{nlp,
    title={Speech and Language Processing},
    author={Jurafsky, D. and Martin, J. H.},
    year={2019},
    journal={Stanford University},
    url={https://web.stanford.edu/~jurafsky/slp3/}
}

@article{transformers,
    title={Attention Is All You Need},
    author={Vaswani, A. and others},
    year={2017},
    journal={arXiv preprint arXiv:1706.03762},
    url={https://arxiv.org/abs/1706.03762}
}

@article{lora,
    title={Low-Rank Adaptation for Large Language Models},
    author={Edward Hu, Yelong Shen, and others}, 
    year={2021},
    journal={arXiv preprint arXiv:2106.09685},
    url={https://arxiv.org/abs/2106.09685}
}

@article{tinyattention,
    title={Tiny-Attention Adapter: Contexts Are More Important Than the Number of Parameters},
    author={Hongyu Zhao, Hao Tan, and others}, 
    year={2022},
    journal={arXiv preprint arXiv:2211.01979},
    url={https://arxiv.org/abs/2211.01979}
}

@article{uvpl,
    title={Unified Parameter-Efficient Transfer Learning},
    author={Junxian He, Chunting Zhou, and others}, 
    year={2021},
    journal={arXiv preprint arXiv:2110.04366},
    url={https://arxiv.org/abs/2110.04366}
}

@article{bert,
    title={BERT: Pre-training of Deep Bidirectional Transformers for Language Understanding},
    author={Devlin, Jacob and Chang, Ming-Wei and Lee, Kenton and Toutanova, Kristina},
    journal={arXiv preprint arXiv:1810.04805},
    year={2018}
}

@article{indobert,
    title={IndoBERT: A Pre-trained Language Model for Indonesian},
    author={Wilie, Bryan and Samuel, Cahya and Lim, Aldi and Susanto, Raymond},
    journal={arXiv preprint arXiv:2009.05387},
    year={2020}
}
